@article{Quelle2012,
	author   = {Vorname Nachname},
	title    = {{Titel des Artikels}},
	year     = {2012},
	month    = {10},
	journal  = {Testjournal},
	number   = {2},
	pages    = {1--42},
	abstract = {Testabstract},
	url      = {http://www.testurl.de/test.pdf},
}
@misc{MMX_WIK,
	author ={Wikipedia},
	title ={MMX (instruction set)}},
	date ={2017.03.15},
	year = 2017,
	url ={https://en.wikipedia.org/wiki/MMX_(instruction_set)}
	}


@misc{IntelSIMDdef,
	author = {Intel},
	title ={{IntelÂ® Streaming SIMD Extensions Technology Defined }},
	date = {2016.04.19},
	year = {2016},
	url = {http://www.intel.com/content/www/us/en/support/processors/000005779.html}
	}
@misc{AVX-AVX2-AVX512,
	author ={Wikipedia},
	title ={Advanced Vector Extensions}},
	date ={2017.03.26},
	year = 2017,
	url ={https://en.wikipedia.org/wiki/Advanced_Vector_Extensions}
	}

@misc{ExternalFunctionSource,
	author ={Thomas Hauth},
	title ={Advanced Vector Extensions}},
	date ={2012.11.30},
	year = 2012,
	url = {https://twiki.cern.ch/twiki/bin/view/CMSPublic/WorkBookWritingAutovectorizableCode}
	}
%https://users.ece.cmu.edu/~franzf/teaching/slides-18-645-simd.pdf
%http://meseec.ce.rit.edu/756-projects/spring2013/2-2.pdf
%http://www.hpctoday.com/hpc-labs/explicit-vector-programming-with-openmp-4-0-simd-extensions/3/
%http://sjoerdmeijer.blogspot.de/2013/05/vectorization-may-not-be-profitable.html
%http://www.inf.ed.ac.uk/teaching/courses/pa/Notes/lecture11-vector.pdf
https://twiki.cern.ch/twiki/bin/view/CMSPublic/WorkBookWritingAutovectorizableCode
